<?xml version="1.0" encoding="UTF-8"?><collection xmlns="http://www.loc.gov/MARC21/slim"><record><leader>00543nam--2200169-u-4500</leader><controlfield tag="001">000053884</controlfield><controlfield tag="002">20161230</controlfield><controlfield tag="005">20170302102016</controlfield><controlfield tag="008">110629s1000------------r-----000-0-eng-d</controlfield><datafield ind1=" " ind2=" " tag="040"><subfield code="a">IFIN-HH</subfield></datafield><datafield ind1=" " ind2=" " tag="080"><subfield code="a">537.612</subfield></datafield><datafield ind1="1" ind2=" " tag="100"><subfield code="a">Haidemenakis, E.D</subfield></datafield><datafield ind1="1" ind2="0" tag="245"><subfield code="a">Physics of solids in intense magnetic fields</subfield><subfield code="b">Lectures presented at the first Chania Conference held at Chania, crete, july 16-29, 1967</subfield><subfield code="c">E.D. Haidemenakis (ed.)</subfield></datafield><datafield ind1=" " ind2=" " tag="260"><subfield code="a">New York</subfield><subfield code="b">Plenum Press</subfield><subfield code="c">1969</subfield></datafield><datafield ind1=" " ind2=" " tag="300"><subfield code="a">483P</subfield></datafield><datafield ind1=" " ind2=" " tag="852"><subfield code="a">77503</subfield><subfield code="c">537:538</subfield></datafield><datafield ind1=" " ind2=" " tag="CAT"><subfield code="a">SYS</subfield><subfield code="c">20170302</subfield><subfield code="h">102016</subfield></datafield></record></collection>